
@ARTICLE{kowalski_linear_71,
AUTHOR = "Robert A. Kowalski and Donald Kuehner",
TITLE = "Linear Resolution with Selection Function.",
JOURNAL = "Artif. Intell.",
PAGES = {227-260},
YEAR = {1971}  }

@INPROCEEDINGS{kowalski_predicate74,
AUTHOR = "Robert A. Kowalski",
TITLE = "Predicate Logic as Programming Language.",
booktitle = "IFIP Congress'74",
PAGES = {569-574},
YEAR = {1974}  }

@book{kowalski_1979,
  added-at = {2007-12-14T02:41:45.000+0100},
  address = {New York, Oxford},
  author = {Kowalski, Robert},
  biburl = {http://www.bibsonomy.org/bibtex/265c646f1f4f9da82e59bb4fe0c21d83d/diego_ma},
  interhash = {35867f9fb1866d64fe72da16ddd23c80},
  intrahash = {65c646f1f4f9da82e59bb4fe0c21d83d},
  keywords = {logic},
  publisher = {North Holland},
  series = {The Computer Science Library, Artificial Intelligence Series},
  timestamp = {2007-12-14T02:41:45.000+0100},
  title = {Logic for Problem Solving},
  volume = 7,
  year = 1979
}


@article{ian_2008_a,
 author = {Ian P. Gent and Peter Nightingale and Andrew Rowley and Kostas Stergiou},
 title = {Solving quantified constraint satisfaction problems},
 journal = {Artificial Intelligence},
 volume = {172},
 number = {6-7},
 year = {2008},
 issn = {0004-3702},
 pages = {738--771},
 doi = {http://dx.doi.org/10.1016/j.artint.2007.11.003},
 publisher = {Elsevier Science Publishers Ltd.},
 address = {Essex, UK}
 } 

 @inproceedings{cope_2000_a,
 author = {Michelle Cope and Ian P. Gent and Kevin Hammond},
 title = {Parallel heuristic search in Haskell},
 booktitle = {Selected papers from the 2nd Scottish Functional Programming Workshop (SFP00)},
 year = {2000},
 isbn = {1-84150-058-5},
 pages = {65--76},
 publisher = {Intellect Books},
 address = {Exeter, UK, UK}
 }

 @article{ian_1994_a,
 author = {Ian P. Gent and Toby Walsh},
 title = {Easy problems are sometimes hard},
 journal = {Artificial Intelligence},
 volume = {70},
 number = {1-2},
 year = {1994},
 issn = {0004-3702},
 pages = {335--345},
 doi = {http://dx.doi.org/10.1016/0004-3702(94)90109-0},
 publisher = {Elsevier Science Publishers Ltd.},
 address = {Essex, UK}
 }

@inproceedings{ian_2005_a,
  author    = {Ian P. Gent and
               Peter Nightingale and
               Kostas Stergiou},
  title     = {{QCSP-Solve}: A Solver for Quantified Constraint Satisfaction
               Problems},
  booktitle = {IJCAI},
  year      = {2005},
  pages     = {138-143},
  ee        = {http://www.ijcai.org/papers/0754.pdf},
  bibsource = {DBLP, http://dblp.uni-trier.de}
}

@inproceedings{bordeaux_2002,
   author = {Lucas Bordeaux and Eric Monfroy},
   title = {Beyond {NP}: Arc-Consistency for Quantified Constraints},
    booktitle = {CP '02: Proceedings of the 8th International Conference on Principles and Practice of Constraint Programming},
	 year = {2002},
	 isbn = {3-540-44120-4},
	 pages = {371--386},
	 publisher = {Springer-Verlag},
	 address = {London, UK}
 }

@inproceedings{JAFFAR87,
  author    = {Joxan Jaffar and
               Jean-Louis Lassez},
  title     = {Constraint Logic Programming},
  booktitle = {POPL},
  year      = {1987},
  pages     = {111-119},
  bibsource = {DBLP, http://dblp.uni-trier.de}
}

@inproceedings{BARTAK98c,
  author= {Roman Bart\'ak},
    title = {Constraint Programming - What is behind?},
    booktitle = {In Proceedings of the Workshop on Constraint Programming for Decision and Control (CPDC99},
    year = {1999},
    pages = {7--15}
}

 @Book{BARTAK01,
  author = 	 {Roman Bart\'ak},
  title = 	 {Theory and Practice of Constraint Propagation in Proceedings of the 3rd Workshop on Constraint Programming for  Decision and Control (CPDC2001)},
  publisher = 	 {Wydavnictvo Pracovni Komputerowej, Gliwice, Poland, June 2001, pp. 7-14.},
  year = 	 {2001}
}

@Book{BARTAK03,
  author = 	 {Roman Bart\'ak},
  title = 	 {Pratical Constraints: A Tutorial on Modelling with Constraints},
  publisher = 	 {CPDC WorkShop},
  year = 	 {2003}
}

@Book{BARTAK07,
  author = 	 {Roman Bart\'ak},
  title = 	 {On-line guide to constraint programming},
  publisher = 	 {Availble in http://kti.ms.mff.cuni.cz/~bartak/constraints/index.html. Acess in 23/03/2007},
  year = 	 {2007}
}

@book{covington_89,
 author = {M. A. Covington and D. Nute and A. Vellino},
 title = {Prolog Programming in Depth},
 year = {1989},
 isbn = {0-673-18659-8},
 publisher = {Scott, Foresman \& Co.},
 address = {Glenview, IL, USA}
 }
 
 @book{apt_2003,
 author = {Krzysztof Apt},
 title = {Principles of Constraint Programming},
 year = {2003},
 isbn = {0521825830},
 publisher = {Cambridge University Press},
 address = {New York, NY, USA},
 }
 
@book{Marriot_98,
 author = {Kim Marriott and Peter J. Stuckey},
 title = {Introduction to Constraint Logic Programming},
 year = {1998},
 isbn = {0262133415},
 publisher = {MIT Press},
 address = {Cambridge, MA, USA}
 }

%%% general references for CSP and AI.
@Article{kumar,
  author =	 {Vipin Kumar},
  title =	 {Algorithms for Constraint-Satisfaction Problems: A
                  Survey.},
  journal =	 {AI Magazine},
  year =	 1992,
  volume =	 13,
  number =	 1
}

@Book{rina2003,
  author =	 {Rina Dechter},
  title =	 {Constraint Processing},
  publisher =	 {Morgan Kaufmann},
  year =	 {2003},
}

@Book{rossi2006,
  editor = 	 {Francesca Rossi and Peter Van Beek and Toby Walsh},
  title = 	 {Handbook of constraint programming},
  chapter = 	 {The complexity of Constraint Languages},
  publisher = 	 {Elsevier},
  year = 	 {2006},
}


@book{wallace2007,
  author    = {Krzysztof R. Apt and
               Mark Wallace},
  title     = {Constraint logic programming using Eclipse},
  publisher = {Cambridge University Press},
  year      = {2007},
  isbn      = {978-0-521-86628-6},
  pages     = {I-XV, 1-329},
  bibsource = {DBLP, http://dblp.uni-trier.de}
}

@InBook{KolaitisVardiBook05,
 author =      {P. G. Kolaitis and M. Y. Vardi},
 title =      {Finite Model Theory and Its Applications},
 chapter =      {A logical Approach to Constraint Satisfaction},
 publisher =      {Springer-Verlag},
 year =      {2005},
}
@book {HomBook,
  AUTHOR =	 {Hell, Pavol and Ne{\v{s}}et{\v{r}}il, Jaroslav},
  TITLE =	 {Graphs and homomorphisms},
  VOLUME =	 28,
  PUBLISHER =	 {Oxford University Press},
  YEAR =	 2004,
}
@Book{RusNorv,
author    = {Stuart J. Russell and   Peter Norvig},
  title     = {Artificial Intelligence - A Modern Approach (3. internat.  ed.)},
  publisher = {Pearson Education},
  year      = {2010},
  isbn      = {978-0-13-207148-2},
  pages     = {I-XVIII, 1-1132},
  bibsource = {DBLP, http://dblp.uni-trier.de}
}
%%  ee        = {http://vig.pearsoned.com/store/product/1,1207,store-12521_isbn-0136042597,00.html},


%%% General ref for algebra.
@InCollection{Post,
  author = 	 {E.L. Post},
  title = 	 {The two-valued iterative systems of mathematical logic},
  booktitle = 	 {Annals of Math. studies},
  publisher = {Princeton},
  year = 	 {1941},
  volume = 	 {5},
  }
 
@Misc{Postwiki,
  key = 	  {Wikipedia},
  title = 	  {Post's lattice},
  howpublished = {From Wikipedia, the free encyclopedia},
  year = 	  {2008},
  note = 	  {\texttt{http://en.wikipedia.org/wiki/Post's\_lattice}},
}

@Book{KalPoe,
  author = 	 {R. Pöschel and L.A. Kalu\u{z}nin},
  title = 	 {Funktionen- und relationen-Algebren},
  publisher = 	 {VEB Deutscher Verlag der Wissenschaften},
  year = 	 {1979},
  }

@TechReport{Poe,
  author = 	 {R. Pöschel},
  title = 	 {A general Galois theory for operations and relations and concrete characterization of related algebraic structures},
  institution =  {Akademie der Wissenschaften der DDR, Zentralinstitut für Mathematik und Mechanik },
  year = 	 1980,
  key = 	 {R-01/80}
}

%%% General ref for Complexity.
@book {GareyJohnson,
  AUTHOR =	 {Garey, Michael R. and Johnson, David S.},
  TITLE =	 {Computers and intractability: a guide to the theory
                  of NP-completeness},
  PUBLISHER =	 {W. H. Freeman and Co.},
  YEAR =	 {1979},
}

@book{ComputationalComplexity,
	author={C.H. Papadimitriou},
	title={Computational Complexity},
	year={1994},
	publisher={Addison-Wesley},
}

@article{sipser_1996,
 author = {Michael Sipser},
 title = {Introduction to the Theory of Computation},
 journal = {SIGACT News},
 volume = {27},
 number = {1},
 year = {1996},
 issn = {0163-5700},
 pages = {27--29},
 doi = {http://doi.acm.org/10.1145/230514.571645},
 publisher = {ACM},
 address = {New York, NY, USA}
 }
%%% Papers of historical relevance to the theory of CSPs and QCSPs 
@InProceedings{Schaefer,
  author = 	 {T.J. Schaefer},
  title = 	 {The complexity of satisfiability problems},
  booktitle = 	 {STOC},
  year = 	 {1978},
}
@incollection {ChandraMerlin,
  AUTHOR =	 {Chandra, Ashok K. and Merlin, Philip M.},
  TITLE =	 {Optimal implementation of conjunctive queries in
                  relational data bases},
  BOOKTITLE =	 {Conference Record of the Ninth Annual ACM Symposium
                  on Theory of Computing (STOC)},
  YEAR =	 {1977},
  PAGES =	 {77--90},
}
@Article{FederVardi,
  author =	 {T. Feder and M. Y. Vardi},
  title =	 {The computational structure of monotone monadic
                  {SNP} and constraint satisfaction: a study through
                  Datalog and group theory.},
  journal =	 {SIAM J. Comput.},
  year =	 {1999},
  volume =	 {28},
  NUMBER =	 {1},
  PAGES =	 {57--104 (electronic)},
}
@Article{Pete,
  author =	 {P. Jeavons},
  title =	 {On the algebraic structure of combinatorial
                  problems.},
  journal =	 {Theoret. Comput. Sci.},
  year =	 {1998},
  volume =	 {200},
  NUMBER =	 {1-2},
  PAGES =	 {185--204},
}
@article {AlgebraCSP,
  AUTHOR =	 {Bulatov, Andrei and Jeavons, Peter and Krokhin,
                  Andrei},
  TITLE =	 {Classifying the complexity of constraints using
                  finite algebras},
  JOURNAL =	 {SIAM J. Comput.},
  VOLUME =	 {34},
  YEAR =	 {2005},
  NUMBER =	 {3},
  pages =	 {720--742 (electronic)},
}
@article{BulatovJACM,
 author = {Andrei A. Bulatov},
 title = {A dichotomy theorem for constraint satisfaction problems on a 3-element set},
 journal = {J. ACM},
 volume = {53},
 number = {1},
 year = {2006},
 issn = {0004-5411},
 pages = {66--120},
 doi = {http://doi.acm.org/10.1145/1120582.1120584},
 publisher = {ACM},
 address = {New York, NY, USA},
 }

%%% More specifically on the theory of QCSP 
@TechReport{OxfordQuantifiedConstraints,
  author =	 {F. B\"orner and A. Krokhin and A. Bulatov and
                  P. Jeavons},
  title =	 {Quantified constraints and surjective polymorphisms},
  institution =	 {Oxford University},
  year =	 {2002},
  number =	 {PRG-RR-02-11},
}

@InProceedings{MartinMadelaineCiE06,
  author =	 {Barnaby Martin and Florent Madelaine},
  title =	 {Towards a trichotomy for quantified {$H$}-coloring},
  booktitle =	 {Logical Approaches to Computational Barriers},
  editor =	 {Arnold Beckmann and Ulrich Berger and Benedikt Löwe
                  and John V Tucker},
  series =	 {Lecture Notes in Computer Science},
  volume =	 {3988},
  pages =	 {342-352},
  year =	 2006,
  note =	 {Proceedings of the Second Conference on Computability in Europe, CiE 2006, Swansea}
}


@MISC{chen-2006,
  author = {Hubie Chen},
  title = {The Complexity of Quantified Constraint Satisfaction: Collapsibility,  Sink Algebras, and the Three-Element Case},
  year = {2006},
  note = {To appear SIAM J. Comput.}
}


@inproceedings{ChenMadelaineMartin08,
  author =		  {Hubie Chen and Florent R. Madelaine and Barnaby
                  Martin},
  title =		  {Quantified Constraints and Containment Problems},
  booktitle =	  {Proceedings of the Twenty-Third Annual IEEE
                  Symposium on Logic in Computer Science, LICS 2008},
  year =			  {2008},
  pages =		  {317-328},
  publisher =	  {IEEE Computer Society},
  note =			  {24-27 June 2008, Pittsburgh, PA, USA}
}


@article{Martin06,
  author    = {Barnaby Martin},
  title     = {Dichotomies and Duality in First-order Model Checking Problems},
  journal   = {CoRR},
  volume    = {abs/cs/0609022},
  year      = {2006},
  ee        = {http://arxiv.org/abs/cs/0609022}
}


@inproceedings{MartinCiE08,
  author    = {Barnaby Martin},
  title     = {First-Order Model Checking Problems Parameterized by the
               Model},
  booktitle = {CiE, Logic and Theory of Algorithms, 4th Conference on Computability
               in Europe},
  publisher = {Springer},
  series    = {Lecture Notes in Computer Science},
  volume    = 5028,
  year      = 2008,
  isbn      = {978-3-540-69405-2},
  pages     = {417-427},
  ee        = {http://dx.doi.org/10.1007/978-3-540-69407-6_45},
}

@Unpublished{MadelaineMartin08,
  author = 		  {Florent R. Madelaine and Barnaby Martin},
  title = 		  {Shes and equality-free positive First-Order model-checking},
  note = 		  {manuscript},
  month = 	  {June},
  year = 	  2008
}


@Article{Boerner02,
  author = 		  {F. Börner, R. Pöschel and V. Sushchansky},
  title = 		  {Boolean systems of relations and {G}alois connections},
  journal = 	  {Acta Sci.Math.},
  year = 		  2002,
  volume = 	  68,
  pages = 	  {535--560},
  note = 	  {(Szeged)}
}


@book{Tsang93,
 author = {Edward Tsang},
 TITLE = {Foundations Of Constraint Satisfaction},
 PUBLISHER = {Academic Press Limited},
 YEAR = {1993},
 NOTE = {Department of Computer Science $-$ University of Essex $-$ Colchester $-$ Essex $-$ UK}
 }
 
 @BOOK{bratko2001,
  author = {Ivan Bratko},
  year = 2001,
  title = {Prolog: Programming for Artificial Intelligence},
  note = {Third edition},
  publisher = {Addison-Wesley},
  address = {Harlow}
}
 
 @UNPUBLISHED{Triska,
    AUTHOR = {Markus Triska},
    TITLE = {N-queens Animation},
    url = {\url{http://www.logic.at/prolog/queens/queens.html}},
      note = {Acesso na internet em 2008},
    YEAR= 2008
}
    
@ARTICLE{Barber03,
    AUTHOR =  {Federico Barber and Miguel A. Salido},
    TITLE = {Introducion a la Programacion de Restriciones},
    JOURNAL = {Revista Iberoamericana de Inteligencia Artificial},
    NUMBER = {20},
    PAGES ={13--30},
    NOTE = {AEPIA (\url{http://www.aepia.org/revista})},
YEAR = 2003}


@ARTICLE{mccarthy1960,
 author = {John McCarthy},
 title = {Recursive functions of symbolic expressions and their computation by machine, Part I},
 journal = {Communications of the ACM},
 volume = {3},
 number = {4},
 year = {1960},
 issn = {0001-0782},
 pages = {184--195},
 doi = {http://doi.acm.org/10.1145/367177.367199},
 note = {\url{http://doi.acm.org/10.1145/367177.367199}},
 publisher = {ACM},
 address = {New York, NY, USA},
 }
 
 @ARTICLE{mccarthy1958,
 author = {John McCarthy},
 title = {Programs with Common Sense},
 year = {1958},
 publisher = {ACM},
 address = {Stanford University - Stanford, CA 94305, USA},
 note = {Computer Science Department -- \url{http://www-formal.stanford.edu/jmc/mcc59.pdf}},
 }
 
 @book{HMU00,
	abstract = {This book is a rigorous exposition of formal languages and models of computation, with an introduction to computational complexity. The authors present the theory in a concise and straightforward manner, with an eye out for the practical applications. Exercises at the end of each chapter, including some that have been solved, help readers confirm and enhance their understanding of the material. This book is appropriate for upper-level computer science undergraduates who are comfortable with mathematical arguments.},
	author = {John E. Hopcroft and Rajeev Motwani and Jeffrey D. Ullman},
	isbn = {0201441241},
	keywords = {automata, complexity, computational, grammars},
	month = {November},
	priority = {0},
	publisher = {Addison Wesley},
	title = {Introduction to Automata Theory, Languages, and Computation (2nd Edition)},
	url = {http://infolab.stanford.edu/~ullman/ialc.html},
	year = {2000}
}


@article{v7n1a7,
 author = {Sigmundo Preissler Junior and Claudio Cesar de Sá and
Fernando Deeke Sasse.},
 title = {Constraint Logic Programming Applied to the Resolution of
a Problem of picking of Warehouse},
 journal = {INFOCOMP Journal of Computer Science},
 volume = {7},
 number = {1},
 year = {2008},
 pages = {54-59}
}

