@book{cormen,
 author = {Cormen, Thomas H. and Stein, Clifford and Rivest, Ronald L. and Leiserson, Charles E.},
 title = {Introduction to Algorithms},
 year = {2001},
 isbn = {0070131511},
 edition = {2nd},
 publisher = {McGraw-Hill Higher Education},
} 

@article{tarjan,
 author = {Sleator, Daniel Dominic and Tarjan, Robert Endre},
 title = {Self-adjusting binary search trees},
 journal = {J. ACM},
 issue_date = {July 1985},
 volume = {32},
 number = {3},
 month = jul,
 year = {1985},
 issn = {0004-5411},
 pages = {652--686},
 numpages = {35},
 url = {http://doi.acm.org/10.1145/3828.3835},
 doi = {10.1145/3828.3835},
 acmid = {3835},
 publisher = {ACM},
 address = {New York, NY, USA},
} 


