
@article{brunet_ciberfeminismo_????,
	title = {Ciberfeminismo, {LabDebug} e práticas artísticas1},
	author = {Brunet, {K.S.} and Natansohn, {L.G.}}
},

@misc{_movimento_????,
	title = {Movimento Software Livre},
	url = {http://aslgo.org.br/movimento-sl.html},
	howpublished = {http://aslgo.org.br/movimento-sl.html}
},

@misc{de_andrade_filho_perguntas_????,
	title = {Perguntas super-interessantes sobre Software Livre},
	url = {http://www.orecado.org/2006/06/perguntas-super-interessantes-sobre-software-livre/},
	author = {de Andrade Filho, Francisco Antônio},
	howpublished = {http://www.orecado.org/2006/06/perguntas-super-interessantes-sobre-software-livre/}
},

@misc{_por_????,
	title = {Por que utilizar o Software livre na educação?},
	url = {http://artigos.netsaber.com.br/resumo_artigo_15843/artigo_sobre_por_que_utilizar_o_software_livre_na_educacao},
	howpublished = {http://artigos.netsaber.com.br/resumo\_artigo\_15843/artigo\_sobre\_por\_que\_utilizar\_o\_software\_livre\_na\_educacao}
},

@misc{quinto_software_????,
	title = {Software Livre: avanço tecnológico e ético {\textbar} Rotina Digital},
	url = {http://rotinadigital.net/wordpress/software-livre-avanco-tecnologico-e-etico/},
	author = {Quinto, Ivanilton},
	howpublished = {http://rotinadigital.net/wordpress/software-livre-avanco-tecnologico-e-etico/}
}