
 @misc{BARTAK_07,
  author = 	 {Roman Barták},
  title = 	 {On-line guide to constraint programming},
  note = 	 {Disponível em http://kti.ms.mff.cuni.cz/~bartak/constraints/index.html. Acess in 23/03/2007},
  year = 	 {\today}
  }


@INPROCEEDINGS{pleiad92,
    AUTHOR = {J.-Y. Antoine; O. Baujard;  O. Boissier; B. Caillot; M. Chaillot; Yves Demazeau; S. Pesty;
              J. Sichman; M.-H. St\'{e}fanini; D. Ziebelin},
        TITLE = {Vers une Taxinomie du Vocabulaire pour les Syst\`{e}mes Multi-Agents},
        BOOKTITLE ={Joun\'{e}e Nationale du PRC-IA sur les Syst\`{e}mes Multi-Agents},
    ORGANIZATION = {PRC-IA},
    PAGES = {1--12},
    ADDRESS = {Nancy, France},
      NOTE = {It directly received from the authors, P\^{o}le PLEIAD ({\bf P}\^{o}le et {\bf L}ieu d '{\bf E}changes en {\bf I}ntelligence {\bf A}rtificielle {\bf D}istribu\'{e}e   in Grenoble)},
    MONTH = {dec},
    YEAR = 1992
}

@INPROCEEDINGS{turner93b,
    AUTHOR = {Roy M. Turner; D.Richard Blidberg; Steven G. Chappell and James C. Jalbert},
    TITLE = {Generic behaviors: An approach to modularity in intelligent systems control},
    BOOKTITLE = {Proceedings of the 8th International Symposium on Unmanned Untethered Submersible Technology},
    NOTE = {UNH CS TR \#94-10},
YEAR= 1993}



@ARTICLE{hogg91,
    AUTHOR = {Hogg, T.; Huberman, B.A.},
    TITLE = {Controlling Chaos in Distributed Systems},
    JOURNAL = {IEEE Transactions on Systems, Man and Cybernetics},
PAGES = {1325--1332},
    VOLUME = {21},
    NUMBER = {6},
    MONTH = {nov},
YEAR =  1991}\delta 


@inproceedings{BARTAK_98c,
 author = {Roman Barták},
 title = {Constraint Programming, What is behind?},
 year = {1999},
 publisher = {CPDC99 Workshop},
 adress={Gliwice},
 pages = {7--15},

 }


@book{apt_2003,
  author = {Krzysztof R. Apt },
  title = {Principles of Constraint Programming},
  text = {K.R. Apt. Principles of Constraint Programming. Cambridge University Press, 2003. 7},
  year = {2003},
  url = {citeseer.ist.psu.edu/apt03principles.html} 
}



INPROCEEDINGS{pleiad92,
    AUTHOR = {J.-Y. Antoine; O. Baujard;  O. Boissier; B. Caillot; M. Chaillot; Yves Demazeau; S. Pesty;
              J. Sichman; M.-H. St\'{e}fanini; D. Ziebelin},
        TITLE = {Vers une Taxinomie du Vocabulaire pour les Syst\`{e}mes Multi-Agents},
        BOOKTITLE ={Joun\'{e}e Nationale du PRC-IA sur les Syst\`{e}mes Multi-Agents},
    ORGANIZATION = {PRC-IA},
    PAGES = {1--12},
    ADDRESS = {Nancy, France},
      NOTE = {It directly received from the authors, P\^{o}le PLEIAD ({\bf P}\^{o}le et {\bf L}ieu d '{\bf E}changes en {\bf I}ntelligence {\bf A}rtificielle {\bf D}istribu\'{e}e
        in Grenoble)},
    MONTH = {dec},
YEAR = 1992
}


@ARTICLE{gasser91a,
    AUTHOR = {Les Gasser},
    TITLE = {Social conceptions of knowledge and action: DAI foundations and opens systems semantics},
    JOURNAL = {Artificial Intelligence},
    VOLUME =  {47},
    PAGES = {107--138},
YEAR = 1991}


@INPROCEEDINGS{berthet92,
    AUTHOR = {Sabine Berthet; Yves Demazeau and Olivier Boissier},
    TITLE = {Knowing Each Other Better},
    BOOKTITLE ={$11^{th.}$ International Workshop on Distributed Artificial Intelligence},
    EDITOR =  {Glen Arbor},
    PAGES = {1--20},
    NOTE = {It directly received from the authors},
    MONTH = {feb},
YEAR = 1992}

@INCOLLECTION{gashu89,
    AUTHOR = {Gasser, L.; Huhns, M.N.},
    TITLE = {Themes in Distributed Artificial Intelligence Research},
    BOOKTITLE = {Distributed Artificial Intelligence},
    PUBLISHER = {Pitman Publishing},
    EDITOR = {Les Gasser and Michael N. Huhns},
    PAGES = {3--36},
    NOTE = {Vol.II},
YEAR = 1989}

@INCOLLECTION{draa95a,
     AUTHOR = {B. Chaib-draa},
     TITLE = {Distributed Artificial Intelligence: An Overview},
     BOOKTITLE = {Encyclopedia of Computer Science and Technology},
     EDITOR = {Kent, A. and Williams, J.},
     PUBLISHER =  {Marcel Dekker, INC},
    VOLUME ={31 (suppl. 16)},
     PAGES = {215--243},
     NOTE = {http://iris.ift.ulaval.ca/publications/chaib/pub-95/pub-95.html},
YEAR = 1994}

@ARTICLE{durfee91a,
    AUTHOR = {Edmund H. Durfee},
    TITLE = {The Distributed Artificial Intelligence Melting Pot},
    JOURNAL = {IEEE Transactions on Systems, Man and Cybernetics},
    VOLUME =  {21},
    NUMBER = {6},
    PAGES = {1301--1306},
    MONTH = {nov},
    NOTE = {Special Issue on Distributed Artificial Intelligence},
YEAR =  1991}



@article{ZhouBD15,
  author    = {Neng{-}Fa Zhou and
               Roman Bart{\'{a}}k and
               Agostino Dovier},
  title     = {Planning as Tabled Logic Programming},
  journal   = {CoRR},
  volume    = {abs/1507.03979},
  year      = {2015},
  url       = {http://arxiv.org/abs/1507.03979},
  timestamp = {Sun, 02 Aug 2015 18:42:02 +0200},
  biburl    = {http://dblp.uni-trier.de/rec/bib/journals/corr/ZhouBD15},
  bibsource = {dblp computer science bibliography, http://dblp.org}
}


@Inbook{Zhou2016,
author="Zhou, Neng-Fa
and Kjellerstrand, H{\aa}kan",
editor="Gavanelli, Marco
and Reppy, John",
title="The Picat-SAT Compiler",
bookTitle="Practical Aspects of Declarative Languages: 18th International Symposium, PADL 2016, St. Petersburg, FL, USA, January 18-19, 2016. Proceedings",
year="2016",
publisher="Springer International Publishing",
address="Cham",
pages="48--62",
isbn="978-3-319-28228-2",
doi="10.1007/978-3-319-28228-2_4",
url="http://dx.doi.org/10.1007/978-3-319-28228-2_4"
}


@Misc{hakan_picat,
  Title                    = {My Picat page},
  Author                   = {Hakan Kjellerstrand},
  HowPublished             = {Internet},
  Note                     = {\url{http://www.hakank.org/picat/}, acessada: \today},
  Year                     = {2016},
  Url                      = {http://www.hakank.org/picat/}
}


@article{zhou_2014d,
  author    = {Neng{-}Fa Zhou},
  title     = {Combinatorial Search With Picat},
  journal   = {CoRR},
  volume    = {abs/1405.2538},
  year      = {2014},
  url       = {http://arxiv.org/abs/1405.2538},
  timestamp = {Mon, 02 Jun 2014 08:30:36 +0200},
  biburl    = {http://dblp.uni-trier.de/rec/bib/journals/corr/Zhou14d},
  bibsource = {dblp computer science bibliography, http://dblp.org}
}

@book{zhou_2015a,
  author    = {Neng{-}Fa Zhou and
               H{\aa}kan Kjellerstrand and
               Jonathan Fruhman},
  title     = {Constraint Solving and Planning with Picat},
  series    = {Springer Briefs in Intelligent Systems},
  publisher = {Springer},
  year      = {2015},
  url       = {http://dx.doi.org/10.1007/978-3-319-25883-6},
  doi       = {10.1007/978-3-319-25883-6},
  isbn      = {978-3-319-25881-2},
  timestamp = {Mon, 09 Nov 2015 12:50:22 +0100},
  biburl    = {http://dblp.uni-trier.de/rec/bib/series/sbis/ZhouKF15},
  bibsource = {dblp computer science bibliography, http://dblp.org}
}





@inproceedings{merkle_processing_2008,
    address = {Porto Alegre, RS, Brasil},
    title = {Processing: um breve panorama -  educação em arte e tecnologia},
    abstract = {Esta palestra tem por objetivo apresentar as principais características do ambiente e da linguagem Processing, assim como ilustrar por  meio de  alguns exemplos suas potencialidades.  Processing  tem sido usada por designers, artistas,  hobistas e demais  interessadas/dos em aplicações que vão da internet, passam por interagir com plataformas de harware aberto, e chegam a instalações de arte, as vezes simultâneamente, dentre outras.},
    author = {Merkle, Luiz Ernesto},
    year = {2008}
}

@book{antoni_2014,
	 author={Niederliński, Antoni},
	 title={A Gentle Guide to Constraint Logic Programming via ECLiPSe},
	 language={eng},
	 type={książka},
	 publisher={Jacek Skalmierski Computer Studio},
	  year      = {214},
	  isbn      = {978-83-62652-08-2},
	  biburl    = {http://eclipseclp.org/reports/},
}


@book{apt_mark_2007,
  author    = {Krzysztof R. Apt and
               Mark Wallace},
  title     = {Constraint logic programming using Eclipse},
  publisher = {Cambridge University Press},
  year      = {2007},
  isbn      = {978-0-521-86628-6},
  timestamp = {Mon, 21 Mar 2011 07:50:15 +0100},
  biburl    = {http://dblp2.uni-trier.de/rec/bib/books/daglib/0018272},
  bibsource = {dblp computer science bibliography, http://dblp.org}
}

@Book{enderton2001,
  Title                    = {A Mathematical Introduction to Logic},
  Author                   = {Enderton, H.B.},
  Publisher                = {Harcourt/Academic Press},
  Year                     = {2001},
  ISBN                     = {9780122384523},
  Lccn                     = {00110670},
  Url                      = {https://books.google.com.br/books?id=JO4\_NVZ\_NqkC}
}

@InProceedings{kowalski_predicate74,
  Title                    = {Predicate Logic as Programming Language.},
  Author                   = {Robert A. Kowalski},
  Booktitle                = {IFIP Congress'74},
  Year                     = {1974},
  Pages                    = {569-574}
}


@INBOOK{smith_2006,
	author = {Barbara M. Smith},
	title = {Modelling},
	 series = {Handbook of Constraint Programming (Foundations of Artificial Intelligence)},
	 year = {2006},
	 isbn = {0444527265},
	 note =	{Edited by  Francesca Rossi, Peter van Beek  and  Toby Walsh},
	 publisher = {Elsevier Science Inc.},
	 address = {New York, NY, USA},
	 chapter = {11},  
	 pages = {377--406}
 }

@BOOK{solnon_2010,
	author = {Christine Solnon},
	title = {Ant Colony Optimization and Constraint Programming},
	isbn = {978-1-84821-130-8},
	pages={320},
	publisher = {Wiley-ISTE},
	year = {2010}
} 


@Book{LUGER_97,
 author = {George F. Luger},
 title = {Artificial Intelligence: Structures and Strategies for Complex Problem Solving},
 year = {1997},
 isbn = {0805311963},
 publisher = {Addison-Wesley Longman Publishing Co., Inc.},
 address = {Boston, MA, USA},
 }

@Book{MARRIOT_98b,
 author = {Kim Marriott and Peter J. Stuckey},
 title = {Introduction to Constraint Logic Programming},
 year = {1998},
 isbn = {0262133415},
 publisher = {MIT Press},
 address = {Cambridge, MA, USA},
 }
 
 
 
@BOOK{rossi_2006,
	author = {Rossi, Francesca and Beek, Peter van and Walsh, Toby},
	 title = {Handbook of Constraint Programming (Foundations of Artificial Intelligence)},
	 year = {2006},
	 isbn = {0444527265},
	 note =	{http://portal.acm.org/citation.cfm?id=1207782\#},
	 publisher = {Elsevier Science Inc.},
	 address = {New York, NY, USA}
 }
 



@Book{FRUHWIRTH:03,
 author = {Thom Fruewirth and Slim Abdennadher},
 title = {Essentials of Constraint Programming},
 year = {2003},
 isbn = {3540676236},
 publisher = {Springer-Verlag New York, Inc.},
 address = {Secaucus, NJ, USA},
 }


@Book{russel_norvig10,
  Title                    = {Artificial Intelligence - A Modern Approach (3. internat. ed.)},
  Author                   = {Stuart J. Russell and Peter Norvig},
  Publisher                = {Pearson Education},
  Year                     = {2010},

  Bibsource                = {DBLP, http://dblp.uni-trier.de},
  ISBN                     = {978-0-13-207148-2},
  Pages                    = {I-XVIII, 1-1132}
}



@book{tate2010,
 author = {Tate, Bruce A.},
 title = {Seven Languages in Seven Weeks: A Pragmatic Guide to Learning Programming Languages},
 year = {2010},
 isbn = {193435659X, 9781934356593},
 edition = {1st},
 publisher = {Pragmatic Bookshelf},
} 


@book{scott2000,
 author = {Scott, Michael L.},
 title = {Programming Language Pragmatics},
 year = {2000},
 isbn = {1-55860-442-1},
 publisher = {Morgan Kaufmann Publishers Inc.},
 address = {San Francisco, CA, USA},
} 


@book{winston2004operations,
  title={Operations Research: Applications and Algorithms},
  author={Winston, W.L. and Goldberg, J.B.},
  isbn={9780534423582},
  lccn={2003105883},
  url={https://books.google.com.br/books?id=tg5DAQAAIAAJ},
  year={2004},
  publisher={Thomson Brooks/Cole}
}

@Misc{site_of_PL,
  Title                    = {Programming Languages -- Wikipedia},
  Author                   = {Volunteer Editors},
  HowPublished             = {Internet},
  Note                     = {\url{https://en.wikipedia.org/wiki/Programming_language}, acessada: \today},
  Year                     = {2016},
  Url                      = {https://en.wikipedia.org/wiki/Programming_language}
}


@Misc{site_of_progopedia,
  Title                    = {Encyclopedia of Programming Languages},
  Author                   = {Volunteer Editors},
  HowPublished             = {Internet},
  Note                     = {\url{http://progopedia.com}, acessada: \today},
  Year                     = {2016},
  Url                      = {http://progopedia.com/}
}


@Misc{site_of_picat,
  Title                    = {Official Site of Picat},
  Author                   = {Neng{-}Fa Zhou and
                                    Jonathan Fruhman},
  HowPublished             = {Internet},
  Note                     = {\url{http://picat-lang.org/}, acessada: \today},
  Year                     = {2016},
  Url                      = {http://picat-lang.org/}
}

@Misc{paradigm_logic,
  Title                    = {Tipos de Paradigmas de Programação},
  Author                   = {Marcos Aguiar},
  HowPublished             = {Internet},
  Note                     = {\url{http://tiserviceprovider.blogspot.com.br/2010/11/tipos-de-paradigmas-de-programacao-mais.html}, acessada: \today},
  Year                     = {2016},
  Url                      = {http://tiserviceprovider.blogspot.com.br/2010/11/tipos-de-paradigmas-de-programacao-mais.html}
}

@Misc{picat_guide,
  Title                    = {A User’s Guide to Picat},
  Author                   = {Neng{-}Fa Zhou and Jonathan Fruhman},
  HowPublished             = {Internet},
  Note                     = {\url{http://picat-lang.org/download/picat_guide.pdf}, acessada: \today},
  Year                     = {2017},
  Url                      = {http://picat-lang.org/download/picat_guide.pdf}
}

@Misc{site_rosetta_comparison,
  Title                    = {Language Comparison Table},
  Author                   = {Rosettacode},
  HowPublished             = {Internet},
  Note                     = {\url{https://rosettacode.org/wiki/Language_Comparison_Table}, acessada: \today},
  Year                     = {2016},
  Url                      = {https://rosettacode.org/wiki/Language_Comparison_Table}
}


@Misc{site_language_comparison_wiki,
  Title                    = {Comparison of multi-paradigm programming languages},
  Author                   = {Wikipedia},
  HowPublished             = {Internet},
  Note                     = {\url{https://en.wikipedia.org/wiki/Comparison_of_multi-paradigm_programming_languages}, acessada: \today},
  Year                     = {2016},
  Url                      = {https://en.wikipedia.org/wiki/Comparison_of_multi-paradigm_programming_languages}
}




@Misc{babel,
  Title                    = {The Tower of Babel -- A Comparison Programming Languages},
  Author                   = {Eric Suh},
  HowPublished             = {Internet},
  Note                     = {\url{http://www.cprogramming.com/langs.html}, acessada: \today},
  Year                     = {2011},
  Url                      = {http://www.cprogramming.com/langs.html}
}

@Misc{github_CCS_picat,
  Title                    = {Repositório de Programas em PICAT},
  Author                   = {AUTOR DO ARTIGO -- OMITIDO, nesta etapa},
  HowPublished             = {Internet},
   Note 				={notas omitidas nesta etapa do artigo ....}, 
  Year                     = {\today},
 Url                      = {URL OMITIDA nesta etapa} 
}
%  Author                   = {Claudio Cesar de Sá},
%  Note                     = {\url{https://github.com/claudiosa/CCS/tree/master/picat}, acessada: \today},
%  Url                      = {https://github.com/claudiosa/CCS/tree/master/picat}


@Misc{logo01,
  Title                    = {LINGUAGEM LOGO NO CONTEXTO DA INFORMÁTICA EDUCATIVA},
  Author                   = {Diversos},
  HowPublished             = {Internet},
  Note                     = {\url{http://projetologo.webs.com/extras/llie.htm}, acessada: \today},
  Year                     = {2016},
  Url                      = {http://projetologo.webs.com/extras/llie.htm}
}

@inproceedings{lukas1972,
		 author = {Lukas, George},
		 title = {Uses of the LOGO Programming Language in Undergraduate Instruction},
		 booktitle = {Proceedings of the ACM Annual Conference - Volume 2},
		 series = {ACM '72},
		 year = {1972},
		 location = {Boston, Massachusetts, USA},
		 pages = {1130--1136},
		 numpages = {7},
		 url = {http://doi.acm.org/10.1145/800194.805908},
		 doi = {10.1145/800194.805908},
		 acmid = {805908},
		 publisher = {ACM},
		 address = {New York, NY, USA},
} 



@book{sebesta2003,
  title={Conceitos de Linguagens de Programacao},
  author={Sebesta, R.W.},
  isbn={9788536301716},
  url={https://books.google.com.br/books?id=b0tcn\_uPLoAC},
  year={2003},
  publisher={BOOKMAN COMPANHIA ED}
}

@book{sestoft2012,
  title={Programming Language Concepts},
  author={Sestoft, P.},
  isbn={9781447141563},
  series={Undergraduate Topics in Computer Science},
  url={https://books.google.com.br/books?id=YeJL2kechd8C},
  year={2012},
  publisher={Springer London}
}

@book{mitchell2003,
  title={Concepts in Programming Languages},
  author={Mitchell, J.C.},
  isbn={9780521780988},
  lccn={2002031217},
  url={https://books.google.com.br/books?id=7Uh8XGfJbEIC},
  year={2003},
  publisher={Cambridge University Press}
}

@book{bagley1968extension,
  title={Extension of programming language concepts},
  author={Bagley, P.R.},
  url={https://books.google.com.br/books?id=D\_Y6AAAAMAAJ},
  year={1968},
  publisher={University City Science Center}
}

@book{watt1990programming,
  title={Programming language concepts and paradigms},
  author={Watt, D.A.},
  isbn={9780137288748},
  lccn={gb89049293},
  series={Prentice-Hall international series in computer science},
  url={https://books.google.com.br/books?id=o4ZQAAAAMAAJ},
  year={1990},
  publisher={Prentice Hall}
}


@Misc{hakan2012,
  Title                    = {Comparison of >= 14 CP systems -- and counting},
  Author                   = {Hakan Kjellerstrand},
  Note                     = {Swedish Artificial Intelligence Society Workshop 2012},
  Year                     = {2012}
}

%--- extraidas de 'outras_refs...' ---

@ARTICLE{agre95,
    AUTHOR = {Phillip E. Agre},
    TITLE = {Computational research on interaction and agency},
    JOURNAL = {Artificial Intelligence},
    VOLUME = {72},
    PAGES = {1--52},
    MONTH = {jan},
    PUBLISHER = {ELSEVIER},
YEAR = 1995}

@BOOK{miller60,
    AUTHOR = {George Miller, Eugene Galanter and Karl Pribam},
    TITLE = {Plans and the Structure of Behavior},
    PUBLISHER = {Holt, New York},
        NOTE = {Apud in \cite{agre95}},
YEAR = 1960}

@INCOLLECTION{chapman91,
    AUTHOR = {Philip E. Agre and David Chapman},
    TITLE = {What Are Plans for},
    BOOKTITLE = {Designing Autonomous Agents - Theory and Practice from Biology to Enginnering and Back},
    EDITOR = {Pattie Maes},
    PUBLISHER =  {Bradford Book - MIT Press},
    SERIES = {Special Issues of Robotics and Autonomous Systems},
    PAGES = {17--34},
YEAR = 1991}

@TECHREPORT{wilkins83,
    AUTHOR = {David Wilkins},
    TITLE = {Domain-Independent Planning: Representation and Plan Generation},
    NOTE = {The research reported herein was supported by the Air  Force Office of Scientific Research, Contract F4920-79-C0188, SRI Project 8871},
    ADDRESS = {333 Ravenswood Ave., Menlo Park, CA 94025},
    NUMBER = {Technical Note No. 266R},
    INSTITUTION = {SRI International, Artificial Inteligence Center, Computer Science and Technology Division},
    MONTH = {may},
YEAR =  1983}
